@article{Daniels_2021,
	year = 2021,
	month = {feb},
	publisher = {{IOP} Publishing},
	volume = {1077},
	number = {1},
	pages = {012029},
	author = {Steve Daniels and Nanik Suciati and Chastine Fathichah},
	title = {Indonesian Sign Language Recognition using {YOLO} Method},
	journal = {{IOP} Conference Series: Materials Science and Engineering}
}

@book{Brathwaite2009,
	author = {Brathwaite, Brenda and Schreiber, Ian},
	isbn = {9781584505808},
	keywords = {board game,game design,game studies,video game},
	pages = {315},
	pmid = {15302558},
	publisher = {Course Technology},
	title = {{Challenges for game designers}},
	year = {2009}
}

@book{Koster2013,
	author = {Koster, Raph},
	booktitle = {Climate Change 2013 - The Physical Science Basis},
	isbn = {9788578110796},
	issn = {1098-6596},
	keywords = {icle},
	pages = {30},
	pmid = {25246403},
	title = {{Summary for Policymakers}},
	url = {https://www.cambridge.org/core/product/identifier/CBO9781107415324A009/type/book{\_}part},
	year = {2013}
}

@inbook{Koza1996,
	author = {Koza, John R and Bennett, Forrest H and Andre, David and Keane, Martin A},
	booktitle = {Artificial Intelligence in Design '96},
	editor = {Gero, John S and Sudweeks, Fay},
	isbn = {978-94-009-0279-4},
	pages = {151--170},
	publisher = {Springer Netherlands},
	title = {{Automated Design of Both the Topology and Sizing of Analog Electrical Circuits Using Genetic Programming}},
	year = {1996}
}

@article{Friedman1997,
	author = {Friedman, H. Jerome},
	isbn = {9781424459674},
	issn = {9781424459674},
	journal = {Department of Statistics and Standford Linear Accelerator Center, Standford University},
	title = {{Data mining and statistics: What's the connection?}},
	year = {1997}
}

@article{Cover1967,
	author = {Cover, T. M. and Hart, P. E.},
	issn = {15579654},
	journal = {IEEE Transactions on Information Theory},
	title = {{Nearest Neighbor Pattern Classification}},
	year = {1967}
}


@article{Panumate2015,
	author = {Panumate, Chetprayoon and Xiong, Shuo and Iida, Hiroyuki},
	isbn = {9781467396424},
	journal = {Proceedings - 3rd International Conference on Applied Computing and Information Technology and 2nd International Conference on Computational Science and Intelligence, ACIT-CSI 2015},
	keywords = {Engagement,Game refinement theory,Pokemon},
	pages = {60--66},
	title = {{An approach to quantifying Pokemon's entertainment impact with focus on battle}},
	year = {2015}
}

@book{Suton1998,
	author = {R. S. Sutton and A. G. Barto},
	title = {Reinforcement Learning: An Introduction.},
	year = {1998},
	publisher = {The MIT Press}
}

@article{Estevez2011,
	author = {Estevez, Jose and Toledo, Pedro and Alayon, Silvia},
	isbn = {9781424478347},
	journal = {2011 IEEE Congress of Evolutionary Computation, CEC 2011},
	pages = {647--654},
	title = {{Using an induced relational decision tree for rule injection in a learning classifier system}},
	year = {2011}
}
@phdthesis{wein2007multimodal,
	title={{Multimodal Integration of Medical Ultrasound for Treatment Planning and Interventions}},
	author={Wein, Wolfgang},
	year={2007},
	school={Technische Universitnchen}
}@book{CitekeyBook,
  author    = "Leonard Susskind and George Hrabovsky",
  title     = "Classical mechanics: the theoretical minimum",
  publisher = "Penguin Random House",
  address   = "New York, NY",
  year      = 2014
}

@booklet{CitekeyBooklet,
  title        = "Canoe tours in {S}weden",
  author       = "Maria Swetla", 
  howpublished = "Distributed at the Stockholm Tourist Office",
  month        = jul,
  year         = 2015
}

@inbook{CitekeyInbook,
  author    = "Lisa A. Urry and Michael L. Cain and Steven A. Wasserman and Peter V. Minorsky and Jane B. Reece",
  title     = "Photosynthesis",
  booktitle = "Campbell Biology",
  year      = "2016",
  publisher = "Pearson",
  address   = "New York, NY",
  pages     = "187--221"
}

@incollection{CitekeyIncollection,
  author    = "Shapiro, Howard M.",
  editor    = "Hawley, Teresa S. and Hawley, Robert G.",
  title     = "Flow Cytometry: The Glass Is Half Full",
  booktitle = "Flow Cytometry Protocols",
  year      = 2018,
  publisher = "Springer",
  address   = "New York, NY",
  pages     = "1--10"
}


@inproceedings{CitekeyInproceedings,
  author    = "Holleis, Paul and Wagner, Matthias and Koolwaaij, Johan",
  title     = "Studying mobile context-aware social services in the wild",
  booktitle = "Proc. of the 6th Nordic Conf. on Human-Computer Interaction",
  series    = "NordiCHI",
  year      = 2010,
  pages     = "207--216",
  publisher = "ACM",
  address   = "New York, NY"
}

@manual{CitekeyManual,
  title        = "{R}: A Language and Environment for Statistical Computing",
  author       = "{R Core Team}",
  organization = "R Foundation for Statistical Computing",
  address      = "Vienna, Austria",
  year         = 2018
}

@mastersthesis{CitekeyMastersthesis,
  author  = "Jian Tang",
  title   = "Spin structure of the nucleon in the asymptotic limit",
  school  = "Massachusetts Institute of Technology",
  year    = 1996,
  address = "Cambridge, MA",
  month   = sep
}

@misc{CitekeyMisc,
  title        = "Pluto: The 'Other' Red Planet",
  author       = "{NASA}",
  howpublished = "\url{https://www.nasa.gov/nh/pluto-the-other-red-planet}",
  year         = 2015,
  note         = "Accessed: 2018-12-06"
}

@phdthesis{CitekeyPhdthesis,
  author  = "Rempel, Robert Charles",
  title   = "Relaxation Effects for Coupled Nuclear Spins",
  school  = "Stanford University",
  address = "Stanford, CA",
  year    = 1956,
  month   = jun
}

@proceedings{CitekeyProceedings,
  editor    = "Susan Stepney and Sergey Verlan",
  title     = "Proceedings of the 17th International Conference on Computation and Natural Computation, Fontainebleau, France",
  series    = "Lecture Notes in Computer Science",
  volume    = "10867",
  publisher = "Springer",
  address   = "Cham, Switzerland",
  year      = 2018
}

@techreport{CitekeyTechreport,
  title       = "{W}asatch {S}olar {P}roject Final Report",
  author      = "Bennett, Vicki and Bowman, Kate and Wright, Sarah",
  institution = "Salt Lake City Corporation",
  address     = "Salt Lake City, UT",
  number      = "DOE-SLC-6903-1",
  year        = 2018,
  month       = sep
}

@unpublished{CitekeyUnpublished,
  author = "Mohinder Suresh",
  title  = "Evolution: a revised theory",
  year   = 2006
}

@article{Amer_Kadhim_2020,
	year = 2020,
	month = {aug},
	publisher = {Association for Information Communication Technology Education and Science ({UIKTEN})},
	pages = {937--943},
	author = {Rasha Amer Kadhim and Muntadher Khamees},
	title = {A Real-Time American Sign Language Recognition System using Convolutional Neural Network for Real Datasets},
	journal = {{TEM} Journal}
}

@inproceedings{Mekala_2011,
	year = 2011,
	month = {mar},
	publisher = {{IEEE}},
	author = {Priyanka Mekala and Ying Gao and Jeffrey Fan and Asad Davari},
	title = {Real-time sign language recognition based on neural network architecture},
	booktitle = {2011 {IEEE} 43rd Southeastern Symposium on System Theory}
}

@article{Wangchuk_2021,
	year = 2021,
	month = {jun},
	publisher = {Elsevier {BV}},
	volume = {7},
	number = {2},
	pages = {215--220},
	author = {Karma Wangchuk and Panomkhawn Riyamongkol and Rattapoom Waranusast},
	title = {Real-time Bhutanese Sign Language digits recognition system using Convolutional Neural Network},
	journal = {{ICT} Express}
}

@article{Wangchuk_2021,
	year = 2021,
	month = {jun},
	publisher = {Elsevier {BV}},
	volume = {7},
	number = {2},
	pages = {215--220},
	author = {Karma Wangchuk and Panomkhawn Riyamongkol and Rattapoom Waranusast},
	title = {Real-time Bhutanese Sign Language digits recognition system using Convolutional Neural Network},
	journal = {{ICT} Express}
}


@inproceedings{Tasmere_2020,
	year = 2020,
	month = {dec},
	publisher = {{IEEE}},
	author = {Dardina Tasmere and Boshir Ahmed},
	title = {Hand Gesture Recognition for Bangla Sign Language Using Deep Convolution Neural Network},
	booktitle = {2020 2nd International Conference on Sustainable Technologies for Industry 4.0 ({STI})}
}

@article{Ghosh_2021,
	year = 2021,
	month = {jul},
	publisher = {{ISROSET}: International Scientific Research Organization for Science, Engineering and Technology},
	volume = {9},
	number = {7},
	pages = {46--52},
	author = {Souradeep Ghosh},
	title = {Proposal of a Real-time American Sign Language Detector using {MediaPipe} and Recurrent Neural Network},
	journal = {International Journal of Computer Sciences and Engineering}
}

@article{Gupta_2020,
	year = 2020,
	publisher = {Elsevier {BV}},
	volume = {171},
	pages = {1542--1550},
	author = {Rinki Gupta and Sreeraman Rajan},
	title = {Comparative Analysis of Convolution Neural Network Models for Continuous Indian Sign Language Classification},
	journal = {Procedia Computer Science}
}

@article{Yadav_2019,
	year = 2019,
	publisher = {Elsevier {BV}},
	author = {Kuldeep Yadav and Manjesh Kumar and Shailesh Kumar and Arvind Kumar Tiwari},
	title = {Real Time Face Recognition based on Convolution Neural Network},
	journal = {{SSRN} Electronic Journal}
}

@inproceedings{Abraham_2019,
	year = 2019,
	month = {oct},
	publisher = {{IEEE}},
	author = {Ebey Abraham and Akshatha Nayak and Ashna Iqbal},
	title = {Real-Time Translation of Indian Sign Language using {LSTM}},
	booktitle = {2019 Global Conference for Advancement in Technology ({GCAT})}
}

@article{Abraham_2018,
	year = 2018,
	publisher = {Elsevier {BV}},
	volume = {143},
	pages = {587--594},
	author = {Abey Abraham and V Rohini},
	title = {Real time conversion of sign language to speech and prediction of gestures using Artificial Neural Network},
	journal = {Procedia Computer Science}
}

@article{S__2022,
	year = 2022,
	month = {jul},
	publisher = {Foundation of Computer Science},
	volume = {184},
	number = {21},
	pages = {1--7},
	author = {Ezhil Tharsan S and Dharshan S and Dinesh G and Saraswathi S},
	title = {Real Time Indian Sign Language Detection using {LSTM} and Keypoint Extraction},
	journal = {International Journal of Computer Applications}
}

@article{Rivera_Acosta_2021,
	year = 2021,
	month = {apr},
	publisher = {{MDPI} {AG}},
	volume = {10},
	number = {9},
	pages = {1035},
	author = {Miguel Rivera-Acosta and Juan Manuel Ruiz-Varela and Susana Ortega-Cisneros and Jorge Rivera and Ram{\'{o}}n Parra-Michel and Pedro Mejia-Alvarez},
	title = {Spelling Correction Real-Time American Sign Language Alphabet Translation System Based on {YOLO} Network and {LSTM}},
	journal = {Electronics}
}

@inproceedings{Aiouez_2022,
	year = 2022,
	publisher = {{SCITEPRESS} - Science and Technology Publications},
	author = {Sabrina Aiouez and Anis Hamitouche and Mohamed Belmadoui and Khadidja Belattar and Feryel Souami},
	title = {Real-time Arabic Sign Language Recognition based on {YOLOv}5},
	booktitle = {Proceedings of the 2nd International Conference on Image Processing and Vision Engineering}
}


@inproceedings{Jamil_2018,
	year = 2018,
	month = {apr},
	publisher = {{IEEE}},
	author = {Tariq Jamil},
	title = {Design of a Real-Time Interpreter for Arabic Sign Language},
	booktitle = {{SoutheastCon} 2018}
}

@phdthesis{Alsolami2012Auth,
    title    = {An examination of keystroke dynamics for continuous user authentication},
    school   = {Queensland University of Technology},
    author   = {Alsolami, Eesa},
    year     = {2012}
}

@book{kusumah_echo_perdana_2016,
  author       = {Kusumah, Echo Perdana},
  title        = {Olah Data Skripsi Dengan SPSS 22},
  publisher    = {LAB KOM FE MANAJEMEN},
  year         = 2016,
  address      = {Pangkalpinang},
  month        = sep,
}



@inproceedings{Das_2020,
	year = 2020,
	publisher = {{IEEE}},
	author = {Prangon Das and Tanvir Ahmed and Md. Firoj Ali},
	title = {Static Hand Gesture Recognition for American Sign Language using Deep Convolutional Neural Network},
	booktitle = {2020 {IEEE} Region 10 Symposium ({TENSYMP})}
}

@article{Lum_2020,
	year = 2020,
	month = {nov},
	publisher = {{ASTES} Journal},
	volume = {5},
	number = {6},
	pages = {481--488},
	author = {Kin Yun Lum and Yeh Huann Goh and Yi Bin Lee},
	title = {American Sign Language Recognition Based on {MobileNetV}2},
	journal = {Advances in Science, Technology and Engineering Systems Journal}
}


@article{Naufal_S_2021,
	year = 2021,
	month = {jun},
	publisher = {Ikatan Ahli Informatika Indonesia ({IAII})},
	volume = {5},
	number = {3},
	pages = {489--495},
	author = { Mohammad Farid Naufal and  Sesilia Shania and  Jessica Millenia and  Stefan Axel and  Juan Timothy Soebroto and  Rizka Febrina P. and  Mirella Mercifia },
	title = {Analisis Perbandingan Algoritma Klasifikasi {MLP} dan {CNN} pada Dataset American Sign Language},
	journal = {Jurnal {RESTI} (Rekayasa Sistem dan Teknologi Informasi)}
}


@article{Naufal_2021,
	year = 2021,
	month = {mar},
	publisher = {Fakultas Ilmu Komputer Universitas Brawijaya},
	volume = {8},
	number = {2},
	pages = {311},
	author = {Mohammad Farid Naufal},
	title = {Analisis Perbandingan Algoritma {SVM}, {KNN}, dan {CNN} untuk Klasifikasi Citra Cuaca},
	journal = {Jurnal Teknologi Informasi dan Ilmu Komputer}
}

@article{Damatraseta_2021,
	year = 2021,
	month = {jul},
	publisher = {Institut Bisnis dan Informatika Kesatuan},
	volume = {1},
	number = {1},
	pages = {71--80},
	author = {Febri Damatraseta and Rani Novariany and Muhammad Adlan Ridhani},
	title = {Real-time {BISINDO} Hand Gesture Detection and Recognition with Deep Learning {CNN}},
	journal = {Jurnal Informatika Kesatuan}
}



@inproceedings{Anwar_2017,
	year = 2017,
	month = {nov},
	publisher = {{IEEE}},
	author = {Aditiya Anwar and Achmad Basuki and Riyanto Sigit and Angga Rahagiyanto and Moh. Zikky},
	title = {Feature Extraction for Indonesian Sign Language ({SIBI}) Using Leap Motion Controller},
	booktitle = {2017 21st International Computer Science and Engineering Conference ({ICSEC})}
}

@article{Celsia_2021,
	year = 2021,
	month = {apr},
	publisher = {{STMIK} Pontianak},
	volume = {11},
	number = {2},
	pages = {124},
	author = {Fini Keni Celsia and Green Arther Sandag},
	title = {Implementation of Deep Learning on Number Recognition in Sign Language},
	journal = {{SISFOTENIKA}}
}

@article{Aljabar_2020,
	year = 2020,
	publisher = {{ASTES} Journal},
	volume = {5},
	number = {5},
	pages = {282--287},
	author = {Andi Aljabar and Suharjito Suharjito},
	title = {{BISINDO} (Bahasa Isyarat Indonesia) Sign Language Recognition Using {CNN} and {LSTM}},
	journal = {Advances in Science, Technology and Engineering Systems Journal}
}


@article{Mursita_2015,
	year = 2015,
	month = {dec},
	publisher = {Al-Jamiah Research Centre},
	volume = {2},
	number = {2},
	pages = {221},
	author = {Rohmah Ageng Mursita},
	title = {{RESPON} {TUNARUNGU} {TERHADAP} {PENGGUNAAN} {SISTEM} {BAHASA} {ISYARAT} {INDONESA} ({SIBI}) {DAN} {BAHASA} {ISYARAT} {INDONESIA} ({BISINDO}) {DALAM} {KOMUNIKASI}},
	journal = {{INKLUSI}}
}

@inproceedings{Yugopuspito_2018,
	year = 2018,
	month = {nov},
	publisher = {{ACM}},
	author = {Pujianto Yugopuspito and I. Made Murwantara and Jessica Sean},
	title = {Mobile Sign Language Recognition for Bahasa Indonesia using Convolutional Neural Network},
	booktitle = {Proceedings of the 16th International Conference on Advances in Mobile Computing and Multimedia}
}

@unpublished{Nofal_Anam,
	author = "Nofal Anam",
	title  = "SISTEM DETEKSI SIMBOL PADA SIBI (SISTEM ISYARAT BAHASA INDONESIA) MENGGUNAKAN MEDIAPIPE DAN RESNET-50 (Skripsi)",
	type = "Skripsi",
	year   = 2022
}

@article{Hermanto_2021,
	year = 2021,
	month = {mar},
	publisher = {{STMIK} {AMIKOM} Yogyakarta},
	volume = {8},
	number = {1},
	pages = {64},
	author = {Dedi Tri Hermanto and Arief Setyanto and Emha Taufiq Luthfi},
	title = {Algoritma {LSTM}-{CNN} untuk Binary Klasifikasi dengan Word2vec pada Media Online},
	journal = {Creative Information Technology Journal}
}

@inproceedings{Yang_2017,
	year = 2017,
	month = {jul},
	publisher = {{SPIE}},
	author = {Su Yang and Qing Zhu},
	editor = {Charles M. Falco and Xudong Jiang},
	title = {Continuous Chinese sign language recognition with {CNN}-{LSTM}},
	booktitle = {{SPIE} Proceedings}
}

@article{GUO201627,
	title = {Deep learning for visual understanding: A review},
	journal = {Neurocomputing},
	volume = {187},
	pages = {27-48},
	year = {2016},
	note = {Recent Developments on Deep Big Vision},
	issn = {0925-2312},
	author = {Yanming Guo and Yu Liu and Ard Oerlemans and Songyang Lao and Song Wu and Michael S. Lew},
	keywords = {Deep learning, Computer vision, Developments, Applications, Trends, Challenges},
}

@article{Sholawati_2022,
	year = 2022,
	month = {mar},
	publisher = {{LPPM} {ITN} Malang},
	volume = {6},
	number = {1},
	pages = {134--144},
	author = {Mutiara Sholawati and Karina Auliasari and FX. Ariwibisono},
	title = {{PENGEMBANGAN} {APLIKASI} {PENGENALAN} {BAHASA} {ISYARAT} {ABJAD} {SIBI} {MENGGUNAKAN} {METODE} {CONVOLUTIONAL} {NEURAL} {NETWORK} ({CNN})},
	journal = {{JATI} (Jurnal Mahasiswa Teknik Informatika)}
}


@inproceedings{Kembuan_2020,
	year = 2020,
	month = {oct},
	publisher = {{IEEE}},
	author = {Olivia Kembuan and Gladly Caren Rorimpandey and Soenandar Milian Tompunu Tengker},
	title = {Convolutional Neural Network ({CNN}) for Image Classification of Indonesia Sign Language Using Tensorflow},
	booktitle = {2020 2nd International Conference on Cybernetics and Intelligent System ({ICORIS})}
}

@article{india2021,
	year = 2021,
	month = {may},
	publisher = {Test accounts},
	author = {Rachana Patil and Vivek Patil and Abhishek Bahuguna and Mr. Gaurav Datkhile},
	volume = {8},
	number = {5},
	title = {Indian Sign Language Recognition USING CONVOLUTIONAL NEURAL NETWORK},
	journal = {Strad Research}
}

@book{kusumah_echo_perdana_2016_1143815,
  author       = {Umberto Michelucci},
  title        = {Applied Deep Learning},
  publisher    = {LAB KOM FE MANAJEMEN},
  year         = 2016,
  address      = {Pangkalpinang},
  month        = sep,
}

@book{Michelucci_2018,
	year = 2018,
	publisher = {Apress},
	author = {Umberto Michelucci},
	title = {Applied Deep Learning}
}

@inproceedings{Pienaar_2019,
	year = 2019,
	month = {aug},
	publisher = {{IEEE}},
	author = {Schalk Wilhelm Pienaar and Reza Malekian},
	title = {Human Activity Recognition using {LSTM}-{RNN} Deep Neural Network Architecture},
	booktitle = {2019 {IEEE} 2nd Wireless Africa Conference ({WAC})}
}

@article{seppDKK,
	author = {Hochreiter, Sepp and Schmidhuber, J\"{u}rgen},
	title = {Long Short-Term Memory},
	year = {1997},
	issue_date = {November 15, 1997},
	publisher = {MIT Press},
	address = {Cambridge, MA, USA},
	volume = {9},
	number = {8},
	issn = {0899-7667},
	journal = {Neural Comput.},
	month = {nov},
	pages = {1735–1780},
	numpages = {46}
}

