Untuk setiap referensi, baris pertama (Newton1687) merupakan label dan baris-baris berikutnya
merupakan atribut dari referensi yang akan digunakan. Umumnya, format referensi berikut sudah
disediakan oleh penyedia sumber referensi secara online dan bisa langsung digunakan di sini.

Lihat https://www.bibtex.com/g/bibtex-format/ untuk informasi lebih lanjut mengenai format
BibTex yang digunakan pada file ini.

@article{DeepLearning2016,
  author={ Goodfellow, I., Bengio, Y., & Courville},
  journal={Cambridge: MIT press},
  title={Deep learning (Vol. 1)},
  year={2016}}

@article{DeepLearning2015,
  author={LeCun, Y., Bengio, Y., & Hinton, G.},
  title={Deep learning. Nature},
  year={2015}}

@article{ArticulatedPose2013,
  author={Chen, C., & Koltun, V.},
  journal={IEEE Conference on Computer Vision and Pattern Recognition},
  title={Articulated pose estimation with flexible mixtures of parts},
  year={2013}}

@article{ArticulatedPose2013,
  author={Zhang, Y., Liu, C., & Li, X.},
  journal={International Conference on Computer Science and Artificial Intelligence (ICCSAI 2018)},
  title={Semaphore flag recognition using deep learning},
  year={2018}}


@misc{SpaceXBlueprint,
  title={What is pose estimation?" di MediaPipe},
  year=2021,
  url={https://mediapipe.readthedocs.io/en/latest/concepts/pose_estimation.html}}
